@inproceedings{feinerman2012collaborative,
  title={Collaborative search on the plane without communication},
  author={Feinerman, Ofer and Korman, Amos and Lotker, Zvi and Sereni, Jean-S{\'e}bastien},
  booktitle={Proceedings of the 2012 ACM symposium on Principles of distributed computing},
  pages={77--86},
  year={2012},
  organization={ACM}
}
@article{lenzen2014trade,
  title={Trade-offs between Selection Complexity and Performance when Searching the Plane without Communication},
  author={Lenzen, Christoph and Lynch, Nancy and Newport, Calvin and Radeva, Tsvetomira},
  journal={arXiv preprint arXiv:1405.1688},
  year={2014}
}